@book{concretemaths,
    author = "Ronald Graham and Donald Knuth and Oren Patashnik",
    year = {1994},
    title = {Concrete Mathematics},
    publisher = {Addison-Wesley}
}

@book{citation1,
    author = "Ronald Graham and Donald Knuth and Oren Patashnik1",
    year = {19941},
    title = {Concrete Mathematics1},
}

@book{citation2,
    author = "Ronald Graham and Donald Knuth and Oren Patashnik2",
    year = {19942},
    title = {Concrete Mathematics2},
}

@book{citation3,
    author = "Ronald Graham and Donald Knuth and Oren Patashnik3",
    year = {19943},
    title = {Concrete Mathematics3},
}

@book{citation4,
    author = "Ronald Graham and Donald Knuth and Oren Patashnik4",
    year = {19944},
    title = {Concrete Mathematics4},
}

@book{citation5,
    author = "Ronald Graham and Donald Knuth and Oren Patashnik5",
    year = {19945},
    title = {Concrete Mathematics5},
}

@book{citation6,
    author = "Ronald Graham and Donald Knuth and Oren Patashnik6",
    year = {19946},
    title = {Concrete Mathematics6},
}

@book{citation7,
    author = "Ronald Graham and Donald Knuth and Oren Patashnik7",
    year = {19947},
    title = {Concrete Mathematics7},
}

@book{citation8,
    author = "Ronald Graham and Donald Knuth and Oren Patashnik8",
    year = {19948},
    title = {Concrete Mathematics8},
}

@book{citation9,
    author = "Ronald Graham and Donald Knuth and Oren Patashnik9",
    year = {19949},
    title = {Concrete Mathematics9},
}

@book{citation10,
    author = "Ronald Graham and Donald Knuth and Oren Patashnik10",
    year = {199410},
    title = {Concrete Mathematics10},
}

@book{citation11,
    author = "Ronald Graham and Donald Knuth and Oren Patashnik11",
    year = {199411},
    title = {Concrete Mathematics11},
}

@book{citation12,
    author = "Ronald Graham and Donald Knuth and Oren Patashnik12",
    year = {199412},
    title = {Concrete Mathematics12},
}

@book{citation13,
    author = "Ronald Graham and Donald Knuth and Oren Patashnik13",
    year = {199413},
    title = {Concrete Mathematics13},
}

@book{citation14,
    author = "Ronald Graham and Donald Knuth and Oren Patashnik14",
    year = {199414},
    title = {Concrete Mathematics14},
}

@book{citation15,
    author = "Ronald Graham and Donald Knuth and Oren Patashnik15",
    year = {199415},
    title = {Concrete Mathematics15},
}

@book{citation16,
    author = "Ronald Graham and Donald Knuth and Oren Patashnik16",
    year = {199416},
    title = {Concrete Mathematics16},
}

@book{citation17,
    author = "Ronald Graham and Donald Knuth and Oren Patashnik17",
    year = {199417},
    title = {Concrete Mathematics17},
}

@book{citation18,
    author = "Ronald Graham and Donald Knuth and Oren Patashnik18",
    year = {199418},
    title = {Concrete Mathematics18},
}

@book{citation19,
    author = "Ronald Graham and Donald Knuth and Oren Patashnik19",
    year = {199419},
    title = {Concrete Mathematics19},
}

@book{citation20,
    author = "Ronald Graham and Donald Knuth and Oren Patashnik20",
    year = {199420},
    title = {Concrete Mathematics20},
}

@book{citation21,
    author = "Ronald Graham and Donald Knuth and Oren Patashnik21",
    year = {199421},
    title = {Concrete Mathematics21},
}

@book{citation22,
    author = "Ronald Graham and Donald Knuth and Oren Patashnik22",
    year = {199422},
    title = {Concrete Mathematics22},
}

@book{citation23,
    author = "Ronald Graham and Donald Knuth and Oren Patashnik23",
    year = {199423},
    title = {Concrete Mathematics23},
}

@book{citation24,
    author = "Ronald Graham and Donald Knuth and Oren Patashnik24",
    year = {199424},
    title = {Concrete Mathematics24},
}

@book{citation25,
    author = "Ronald Graham and Donald Knuth and Oren Patashnik25",
    year = {199425},
    title = {Concrete Mathematics25},
}

@book{citation26,
    author = "Ronald Graham and Donald Knuth and Oren Patashnik26",
    year = {199426},
    title = {Concrete Mathematics26},
}

@book{citation27,
    author = "Ronald Graham and Donald Knuth and Oren Patashnik27",
    year = {199427},
    title = {Concrete Mathematics27},
}

@book{citation28,
    author = "Ronald Graham and Donald Knuth and Oren Patashnik28",
    year = {199428},
    title = {Concrete Mathematics28},
}

@book{citation29,
    author = "Ronald Graham and Donald Knuth and Oren Patashnik29",
    year = {199429},
    title = {Concrete Mathematics29},
}

@book{citation30,
    author = "Ronald Graham and Donald Knuth and Oren Patashnik30",
    year = {199430},
    title = {Concrete Mathematics30},
}

@book{citation31,
    author = "Ronald Graham and Donald Knuth and Oren Patashnik31",
    year = {199431},
    title = {Concrete Mathematics31},
}

@book{citation32,
    author = "Ronald Graham and Donald Knuth and Oren Patashnik32",
    year = {199432},
    title = {Concrete Mathematics32},
}

@book{citation33,
    author = "Ronald Graham and Donald Knuth and Oren Patashnik33",
    year = {199433},
    title = {Concrete Mathematics33},
}

@book{citation34,
    author = "Ronald Graham and Donald Knuth and Oren Patashnik34",
    year = {199434},
    title = {Concrete Mathematics34},
}

@book{citation35,
    author = "Ronald Graham and Donald Knuth and Oren Patashnik35",
    year = {199435},
    title = {Concrete Mathematics35},
}

@book{citation36,
    author = "Ronald Graham and Donald Knuth and Oren Patashnik36",
    year = {199436},
    title = {Concrete Mathematics36},
}

@book{citation37,
    author = "Ronald Graham and Donald Knuth and Oren Patashnik37",
    year = {199437},
    title = {Concrete Mathematics37},
}

@book{citation38,
    author = "Ronald Graham and Donald Knuth and Oren Patashnik38",
    year = {199438},
    title = {Concrete Mathematics38},
}

@book{citation39,
    author = "Ronald Graham and Donald Knuth and Oren Patashnik39",
    year = {199439},
    title = {Concrete Mathematics39},
}

@book{citation40,
    author = "Ronald Graham and Donald Knuth and Oren Patashnik40",
    year = {199440},
    title = {Concrete Mathematics40},
}

@book{citation41,
    author = "Ronald Graham and Donald Knuth and Oren Patashnik41",
    year = {199441},
    title = {Concrete Mathematics41},
}

@book{citation42,
    author = "Ronald Graham and Donald Knuth and Oren Patashnik42",
    year = {199442},
    title = {Concrete Mathematics42},
}

@book{citation43,
    author = "Ronald Graham and Donald Knuth and Oren Patashnik43",
    year = {199443},
    title = {Concrete Mathematics43},
}

@book{citation44,
    author = "Ronald Graham and Donald Knuth and Oren Patashnik44",
    year = {199444},
    title = {Concrete Mathematics44},
}

@book{citation45,
    author = "Ronald Graham and Donald Knuth and Oren Patashnik45",
    year = {199445},
    title = {Concrete Mathematics45},
}

@book{citation46,
    author = "Ronald Graham and Donald Knuth and Oren Patashnik46",
    year = {199446},
    title = {Concrete Mathematics46},
}

@book{citation47,
    author = "Ronald Graham and Donald Knuth and Oren Patashnik47",
    year = {199447},
    title = {Concrete Mathematics47},
}

@book{citation48,
    author = "Ronald Graham and Donald Knuth and Oren Patashnik48",
    year = {199448},
    title = {Concrete Mathematics48},
}

@book{citation49,
    author = "Ronald Graham and Donald Knuth and Oren Patashnik49",
    year = {199449},
    title = {Concrete Mathematics49},
}

@book{citation50,
    author = "Ronald Graham and Donald Knuth and Oren Patashnik50",
    year = {199450},
    title = {Concrete Mathematics50},
}

@book{citation51,
    author = "Ronald Graham and Donald Knuth and Oren Patashnik51",
    year = {199451},
    title = {Concrete Mathematics51},
}

@book{citation52,
    author = "Ronald Graham and Donald Knuth and Oren Patashnik52",
    year = {199452},
    title = {Concrete Mathematics52},
}

@book{citation53,
    author = "Ronald Graham and Donald Knuth and Oren Patashnik53",
    year = {199453},
    title = {Concrete Mathematics53},
}

@book{citation54,
    author = "Ronald Graham and Donald Knuth and Oren Patashnik54",
    year = {199454},
    title = {Concrete Mathematics54},
}

@book{citation55,
    author = "Ronald Graham and Donald Knuth and Oren Patashnik55",
    year = {199455},
    title = {Concrete Mathematics55},
}

@book{citation56,
    author = "Ronald Graham and Donald Knuth and Oren Patashnik56",
    year = {199456},
    title = {Concrete Mathematics56},
}

@book{citation57,
    author = "Ronald Graham and Donald Knuth and Oren Patashnik57",
    year = {199457},
    title = {Concrete Mathematics57},
}

@book{citation58,
    author = "Ronald Graham and Donald Knuth and Oren Patashnik58",
    year = {199458},
    title = {Concrete Mathematics58},
}

@book{citation59,
    author = "Ronald Graham and Donald Knuth and Oren Patashnik59",
    year = {199459},
    title = {Concrete Mathematics59},
}

@book{citation60,
    author = "Ronald Graham and Donald Knuth and Oren Patashnik60",
    year = {199460},
    title = {Concrete Mathematics60},
}

@book{citation61,
    author = "Ronald Graham and Donald Knuth and Oren Patashnik61",
    year = {199461},
    title = {Concrete Mathematics61},
}

@book{citation62,
    author = "Ronald Graham and Donald Knuth and Oren Patashnik62",
    year = {199462},
    title = {Concrete Mathematics62},
}

@book{citation63,
    author = "Ronald Graham and Donald Knuth and Oren Patashnik63",
    year = {199463},
    title = {Concrete Mathematics63},
}

@book{citation64,
    author = "Ronald Graham and Donald Knuth and Oren Patashnik64",
    year = {199464},
    title = {Concrete Mathematics64},
}

@book{citation65,
    author = "Ronald Graham and Donald Knuth and Oren Patashnik65",
    year = {199465},
    title = {Concrete Mathematics65},
}

@book{citation66,
    author = "Ronald Graham and Donald Knuth and Oren Patashnik66",
    year = {199466},
    title = {Concrete Mathematics66},
}

@book{citation67,
    author = "Ronald Graham and Donald Knuth and Oren Patashnik67",
    year = {199467},
    title = {Concrete Mathematics67},
}

@book{citation68,
    author = "Ronald Graham and Donald Knuth and Oren Patashnik68",
    year = {199468},
    title = {Concrete Mathematics68},
}

@book{citation69,
    author = "Ronald Graham and Donald Knuth and Oren Patashnik69",
    year = {199469},
    title = {Concrete Mathematics69},
}

@book{citation70,
    author = "Ronald Graham and Donald Knuth and Oren Patashnik70",
    year = {199470},
    title = {Concrete Mathematics70},
}

@book{citation71,
    author = "Ronald Graham and Donald Knuth and Oren Patashnik71",
    year = {199471},
    title = {Concrete Mathematics71},
}

@book{citation72,
    author = "Ronald Graham and Donald Knuth and Oren Patashnik72",
    year = {199472},
    title = {Concrete Mathematics72},
}

@book{citation73,
    author = "Ronald Graham and Donald Knuth and Oren Patashnik73",
    year = {199473},
    title = {Concrete Mathematics73},
}

@book{citation74,
    author = "Ronald Graham and Donald Knuth and Oren Patashnik74",
    year = {199474},
    title = {Concrete Mathematics74},
}

@book{citation75,
    author = "Ronald Graham and Donald Knuth and Oren Patashnik75",
    year = {199475},
    title = {Concrete Mathematics75},
}

@book{citation76,
    author = "Ronald Graham and Donald Knuth and Oren Patashnik76",
    year = {199476},
    title = {Concrete Mathematics76},
}

@book{citation77,
    author = "Ronald Graham and Donald Knuth and Oren Patashnik77",
    year = {199477},
    title = {Concrete Mathematics77},
}

@book{citation78,
    author = "Ronald Graham and Donald Knuth and Oren Patashnik78",
    year = {199478},
    title = {Concrete Mathematics78},
}

@book{citation79,
    author = "Ronald Graham and Donald Knuth and Oren Patashnik79",
    year = {199479},
    title = {Concrete Mathematics79},
}

@book{citation80,
    author = "Ronald Graham and Donald Knuth and Oren Patashnik80",
    year = {199480},
    title = {Concrete Mathematics80},
}

@book{citation81,
    author = "Ronald Graham and Donald Knuth and Oren Patashnik81",
    year = {199481},
    title = {Concrete Mathematics81},
}

@book{citation82,
    author = "Ronald Graham and Donald Knuth and Oren Patashnik82",
    year = {199482},
    title = {Concrete Mathematics82},
}

@book{citation83,
    author = "Ronald Graham and Donald Knuth and Oren Patashnik83",
    year = {199483},
    title = {Concrete Mathematics83},
}

@book{citation84,
    author = "Ronald Graham and Donald Knuth and Oren Patashnik84",
    year = {199484},
    title = {Concrete Mathematics84},
}

@book{citation85,
    author = "Ronald Graham and Donald Knuth and Oren Patashnik85",
    year = {199485},
    title = {Concrete Mathematics85},
}

@book{citation86,
    author = "Ronald Graham and Donald Knuth and Oren Patashnik86",
    year = {199486},
    title = {Concrete Mathematics86},
}

@book{citation87,
    author = "Ronald Graham and Donald Knuth and Oren Patashnik87",
    year = {199487},
    title = {Concrete Mathematics87},
}

@book{citation88,
    author = "Ronald Graham and Donald Knuth and Oren Patashnik88",
    year = {199488},
    title = {Concrete Mathematics88},
}

@book{citation89,
    author = "Ronald Graham and Donald Knuth and Oren Patashnik89",
    year = {199489},
    title = {Concrete Mathematics89},
}

@book{citation90,
    author = "Ronald Graham and Donald Knuth and Oren Patashnik90",
    year = {199490},
    title = {Concrete Mathematics90},
}

@book{citation91,
    author = "Ronald Graham and Donald Knuth and Oren Patashnik91",
    year = {199491},
    title = {Concrete Mathematics91},
}

@book{citation92,
    author = "Ronald Graham and Donald Knuth and Oren Patashnik92",
    year = {199492},
    title = {Concrete Mathematics92},
}

@book{citation93,
    author = "Ronald Graham and Donald Knuth and Oren Patashnik93",
    year = {199493},
    title = {Concrete Mathematics93},
}

@book{citation94,
    author = "Ronald Graham and Donald Knuth and Oren Patashnik94",
    year = {199494},
    title = {Concrete Mathematics94},
}

@book{citation95,
    author = "Ronald Graham and Donald Knuth and Oren Patashnik95",
    year = {199495},
    title = {Concrete Mathematics95},
}

@book{citation96,
    author = "Ronald Graham and Donald Knuth and Oren Patashnik96",
    year = {199496},
    title = {Concrete Mathematics96},
}

@book{citation97,
    author = "Ronald Graham and Donald Knuth and Oren Patashnik97",
    year = {199497},
    title = {Concrete Mathematics97},
}

@book{citation98,
    author = "Ronald Graham and Donald Knuth and Oren Patashnik98",
    year = {199498},
    title = {Concrete Mathematics98},
}

@book{citation99,
    author = "Ronald Graham and Donald Knuth and Oren Patashnik99",
    year = {199499},
    title = {Concrete Mathematics99},
}

@book{citation100,
    author = "Ronald Graham and Donald Knuth and Oren Patashnik100",
    year = {1994100},
    title = {Concrete Mathematics100},
}

@book{citation101,
    author = "Ronald Graham and Donald Knuth and Oren Patashnik101",
    year = {1994101},
    title = {Concrete Mathematics101},
}

@book{citation102,
    author = "Ronald Graham and Donald Knuth and Oren Patashnik102",
    year = {1994102},
    title = {Concrete Mathematics102},
}

@book{citation103,
    author = "Ronald Graham and Donald Knuth and Oren Patashnik103",
    year = {1994103},
    title = {Concrete Mathematics103},
}

@book{citation104,
    author = "Ronald Graham and Donald Knuth and Oren Patashnik104",
    year = {1994104},
    title = {Concrete Mathematics104},
}

@book{citation105,
    author = "Ronald Graham and Donald Knuth and Oren Patashnik105",
    year = {1994105},
    title = {Concrete Mathematics105},
}

@book{citation106,
    author = "Ronald Graham and Donald Knuth and Oren Patashnik106",
    year = {1994106},
    title = {Concrete Mathematics106},
}

@book{citation107,
    author = "Ronald Graham and Donald Knuth and Oren Patashnik107",
    year = {1994107},
    title = {Concrete Mathematics107},
}

@book{citation108,
    author = "Ronald Graham and Donald Knuth and Oren Patashnik108",
    year = {1994108},
    title = {Concrete Mathematics108},
}

@book{citation109,
    author = "Ronald Graham and Donald Knuth and Oren Patashnik109",
    year = {1994109},
    title = {Concrete Mathematics109},
}

@book{citation110,
    author = "Ronald Graham and Donald Knuth and Oren Patashnik110",
    year = {1994110},
    title = {Concrete Mathematics110},
}

@book{citation111,
    author = "Ronald Graham and Donald Knuth and Oren Patashnik111",
    year = {1994111},
    title = {Concrete Mathematics111},
}

@book{citation112,
    author = "Ronald Graham and Donald Knuth and Oren Patashnik112",
    year = {1994112},
    title = {Concrete Mathematics112},
}

@book{citation113,
    author = "Ronald Graham and Donald Knuth and Oren Patashnik113",
    year = {1994113},
    title = {Concrete Mathematics113},
}

@book{citation114,
    author = "Ronald Graham and Donald Knuth and Oren Patashnik114",
    year = {1994114},
    title = {Concrete Mathematics114},
}

@book{citation115,
    author = "Ronald Graham and Donald Knuth and Oren Patashnik115",
    year = {1994115},
    title = {Concrete Mathematics115},
}

@book{citation116,
    author = "Ronald Graham and Donald Knuth and Oren Patashnik116",
    year = {1994116},
    title = {Concrete Mathematics116},
}

@book{citation117,
    author = "Ronald Graham and Donald Knuth and Oren Patashnik117",
    year = {1994117},
    title = {Concrete Mathematics117},
}

@book{citation118,
    author = "Ronald Graham and Donald Knuth and Oren Patashnik118",
    year = {1994118},
    title = {Concrete Mathematics118},
}

@book{citation119,
    author = "Ronald Graham and Donald Knuth and Oren Patashnik119",
    year = {1994119},
    title = {Concrete Mathematics119},
}

@book{citation120,
    author = "Ronald Graham and Donald Knuth and Oren Patashnik120",
    year = {1994120},
    title = {Concrete Mathematics120},
}

@book{citation121,
    author = "Ronald Graham and Donald Knuth and Oren Patashnik121",
    year = {1994121},
    title = {Concrete Mathematics121},
}

@book{citation122,
    author = "Ronald Graham and Donald Knuth and Oren Patashnik122",
    year = {1994122},
    title = {Concrete Mathematics122},
}

@book{citation123,
    author = "Ronald Graham and Donald Knuth and Oren Patashnik123",
    year = {1994123},
    title = {Concrete Mathematics123},
}

@book{citation124,
    author = "Ronald Graham and Donald Knuth and Oren Patashnik124",
    year = {1994124},
    title = {Concrete Mathematics124},
}

@book{citation125,
    author = "Ronald Graham and Donald Knuth and Oren Patashnik125",
    year = {1994125},
    title = {Concrete Mathematics125},
}

@book{citation126,
    author = "Ronald Graham and Donald Knuth and Oren Patashnik126",
    year = {1994126},
    title = {Concrete Mathematics126},
}

@book{citation127,
    author = "Ronald Graham and Donald Knuth and Oren Patashnik127",
    year = {1994127},
    title = {Concrete Mathematics127},
}

@book{citation128,
    author = "Ronald Graham and Donald Knuth and Oren Patashnik128",
    year = {1994128},
    title = {Concrete Mathematics128},
}

@book{citation129,
    author = "Ronald Graham and Donald Knuth and Oren Patashnik129",
    year = {1994129},
    title = {Concrete Mathematics129},
}

@book{citation130,
    author = "Ronald Graham and Donald Knuth and Oren Patashnik130",
    year = {1994130},
    title = {Concrete Mathematics130},
}

@book{citation131,
    author = "Ronald Graham and Donald Knuth and Oren Patashnik131",
    year = {1994131},
    title = {Concrete Mathematics131},
}

@book{citation132,
    author = "Ronald Graham and Donald Knuth and Oren Patashnik132",
    year = {1994132},
    title = {Concrete Mathematics132},
}

@book{citation133,
    author = "Ronald Graham and Donald Knuth and Oren Patashnik133",
    year = {1994133},
    title = {Concrete Mathematics133},
}

@book{citation134,
    author = "Ronald Graham and Donald Knuth and Oren Patashnik134",
    year = {1994134},
    title = {Concrete Mathematics134},
}

@book{citation135,
    author = "Ronald Graham and Donald Knuth and Oren Patashnik135",
    year = {1994135},
    title = {Concrete Mathematics135},
}

@book{citation136,
    author = "Ronald Graham and Donald Knuth and Oren Patashnik136",
    year = {1994136},
    title = {Concrete Mathematics136},
}

@book{citation137,
    author = "Ronald Graham and Donald Knuth and Oren Patashnik137",
    year = {1994137},
    title = {Concrete Mathematics137},
}

@book{citation138,
    author = "Ronald Graham and Donald Knuth and Oren Patashnik138",
    year = {1994138},
    title = {Concrete Mathematics138},
}

@book{citation139,
    author = "Ronald Graham and Donald Knuth and Oren Patashnik139",
    year = {1994139},
    title = {Concrete Mathematics139},
}

@book{citation140,
    author = "Ronald Graham and Donald Knuth and Oren Patashnik140",
    year = {1994140},
    title = {Concrete Mathematics140},
}

@book{citation141,
    author = "Ronald Graham and Donald Knuth and Oren Patashnik141",
    year = {1994141},
    title = {Concrete Mathematics141},
}

@book{citation142,
    author = "Ronald Graham and Donald Knuth and Oren Patashnik142",
    year = {1994142},
    title = {Concrete Mathematics142},
}

@book{citation143,
    author = "Ronald Graham and Donald Knuth and Oren Patashnik143",
    year = {1994143},
    title = {Concrete Mathematics143},
}

@book{citation144,
    author = "Ronald Graham and Donald Knuth and Oren Patashnik144",
    year = {1994144},
    title = {Concrete Mathematics144},
}

@book{citation145,
    author = "Ronald Graham and Donald Knuth and Oren Patashnik145",
    year = {1994145},
    title = {Concrete Mathematics145},
}

@book{citation146,
    author = "Ronald Graham and Donald Knuth and Oren Patashnik146",
    year = {1994146},
    title = {Concrete Mathematics146},
}

@book{citation147,
    author = "Ronald Graham and Donald Knuth and Oren Patashnik147",
    year = {1994147},
    title = {Concrete Mathematics147},
}

@book{citation148,
    author = "Ronald Graham and Donald Knuth and Oren Patashnik148",
    year = {1994148},
    title = {Concrete Mathematics148},
}

@book{citation149,
    author = "Ronald Graham and Donald Knuth and Oren Patashnik149",
    year = {1994149},
    title = {Concrete Mathematics149},
}

@book{citation150,
    author = "Ronald Graham and Donald Knuth and Oren Patashnik150",
    year = {1994150},
    title = {Concrete Mathematics150},
}

@book{citation151,
    author = "Ronald Graham and Donald Knuth and Oren Patashnik151",
    year = {1994151},
    title = {Concrete Mathematics151},
}

@book{citation152,
    author = "Ronald Graham and Donald Knuth and Oren Patashnik152",
    year = {1994152},
    title = {Concrete Mathematics152},
}

@book{citation153,
    author = "Ronald Graham and Donald Knuth and Oren Patashnik153",
    year = {1994153},
    title = {Concrete Mathematics153},
}

@book{citation154,
    author = "Ronald Graham and Donald Knuth and Oren Patashnik154",
    year = {1994154},
    title = {Concrete Mathematics154},
}

@book{citation155,
    author = "Ronald Graham and Donald Knuth and Oren Patashnik155",
    year = {1994155},
    title = {Concrete Mathematics155},
}

@book{citation156,
    author = "Ronald Graham and Donald Knuth and Oren Patashnik156",
    year = {1994156},
    title = {Concrete Mathematics156},
}

@book{citation157,
    author = "Ronald Graham and Donald Knuth and Oren Patashnik157",
    year = {1994157},
    title = {Concrete Mathematics157},
}

@book{citation158,
    author = "Ronald Graham and Donald Knuth and Oren Patashnik158",
    year = {1994158},
    title = {Concrete Mathematics158},
}

@book{citation159,
    author = "Ronald Graham and Donald Knuth and Oren Patashnik159",
    year = {1994159},
    title = {Concrete Mathematics159},
}

@book{citation160,
    author = "Ronald Graham and Donald Knuth and Oren Patashnik160",
    year = {1994160},
    title = {Concrete Mathematics160},
}

@book{citation161,
    author = "Ronald Graham and Donald Knuth and Oren Patashnik161",
    year = {1994161},
    title = {Concrete Mathematics161},
}

@book{citation162,
    author = "Ronald Graham and Donald Knuth and Oren Patashnik162",
    year = {1994162},
    title = {Concrete Mathematics162},
}

@book{citation163,
    author = "Ronald Graham and Donald Knuth and Oren Patashnik163",
    year = {1994163},
    title = {Concrete Mathematics163},
}

@book{citation164,
    author = "Ronald Graham and Donald Knuth and Oren Patashnik164",
    year = {1994164},
    title = {Concrete Mathematics164},
}

@book{citation165,
    author = "Ronald Graham and Donald Knuth and Oren Patashnik165",
    year = {1994165},
    title = {Concrete Mathematics165},
}

@book{citation166,
    author = "Ronald Graham and Donald Knuth and Oren Patashnik166",
    year = {1994166},
    title = {Concrete Mathematics166},
}

@book{citation167,
    author = "Ronald Graham and Donald Knuth and Oren Patashnik167",
    year = {1994167},
    title = {Concrete Mathematics167},
}

@book{citation168,
    author = "Ronald Graham and Donald Knuth and Oren Patashnik168",
    year = {1994168},
    title = {Concrete Mathematics168},
}

@book{citation169,
    author = "Ronald Graham and Donald Knuth and Oren Patashnik169",
    year = {1994169},
    title = {Concrete Mathematics169},
}

@book{citation170,
    author = "Ronald Graham and Donald Knuth and Oren Patashnik170",
    year = {1994170},
    title = {Concrete Mathematics170},
}

@book{citation171,
    author = "Ronald Graham and Donald Knuth and Oren Patashnik171",
    year = {1994171},
    title = {Concrete Mathematics171},
}

@book{citation172,
    author = "Ronald Graham and Donald Knuth and Oren Patashnik172",
    year = {1994172},
    title = {Concrete Mathematics172},
}

@book{citation173,
    author = "Ronald Graham and Donald Knuth and Oren Patashnik173",
    year = {1994173},
    title = {Concrete Mathematics173},
}

@book{citation174,
    author = "Ronald Graham and Donald Knuth and Oren Patashnik174",
    year = {1994174},
    title = {Concrete Mathematics174},
}

@book{citation175,
    author = "Ronald Graham and Donald Knuth and Oren Patashnik175",
    year = {1994175},
    title = {Concrete Mathematics175},
}

@book{citation176,
    author = "Ronald Graham and Donald Knuth and Oren Patashnik176",
    year = {1994176},
    title = {Concrete Mathematics176},
}

@book{citation177,
    author = "Ronald Graham and Donald Knuth and Oren Patashnik177",
    year = {1994177},
    title = {Concrete Mathematics177},
}

@book{citation178,
    author = "Ronald Graham and Donald Knuth and Oren Patashnik178",
    year = {1994178},
    title = {Concrete Mathematics178},
}

@book{citation179,
    author = "Ronald Graham and Donald Knuth and Oren Patashnik179",
    year = {1994179},
    title = {Concrete Mathematics179},
}

@book{citation180,
    author = "Ronald Graham and Donald Knuth and Oren Patashnik180",
    year = {1994180},
    title = {Concrete Mathematics180},
}

@book{citation181,
    author = "Ronald Graham and Donald Knuth and Oren Patashnik181",
    year = {1994181},
    title = {Concrete Mathematics181},
}

@book{citation182,
    author = "Ronald Graham and Donald Knuth and Oren Patashnik182",
    year = {1994182},
    title = {Concrete Mathematics182},
}

@book{citation183,
    author = "Ronald Graham and Donald Knuth and Oren Patashnik183",
    year = {1994183},
    title = {Concrete Mathematics183},
}

@book{citation184,
    author = "Ronald Graham and Donald Knuth and Oren Patashnik184",
    year = {1994184},
    title = {Concrete Mathematics184},
}

@book{citation185,
    author = "Ronald Graham and Donald Knuth and Oren Patashnik185",
    year = {1994185},
    title = {Concrete Mathematics185},
}

@book{citation186,
    author = "Ronald Graham and Donald Knuth and Oren Patashnik186",
    year = {1994186},
    title = {Concrete Mathematics186},
}

@book{citation187,
    author = "Ronald Graham and Donald Knuth and Oren Patashnik187",
    year = {1994187},
    title = {Concrete Mathematics187},
}

@book{citation188,
    author = "Ronald Graham and Donald Knuth and Oren Patashnik188",
    year = {1994188},
    title = {Concrete Mathematics188},
}

@book{citation189,
    author = "Ronald Graham and Donald Knuth and Oren Patashnik189",
    year = {1994189},
    title = {Concrete Mathematics189},
}

@book{citation190,
    author = "Ronald Graham and Donald Knuth and Oren Patashnik190",
    year = {1994190},
    title = {Concrete Mathematics190},
}

@book{citation191,
    author = "Ronald Graham and Donald Knuth and Oren Patashnik191",
    year = {1994191},
    title = {Concrete Mathematics191},
}

@book{citation192,
    author = "Ronald Graham and Donald Knuth and Oren Patashnik192",
    year = {1994192},
    title = {Concrete Mathematics192},
}

@book{citation193,
    author = "Ronald Graham and Donald Knuth and Oren Patashnik193",
    year = {1994193},
    title = {Concrete Mathematics193},
}

@book{citation194,
    author = "Ronald Graham and Donald Knuth and Oren Patashnik194",
    year = {1994194},
    title = {Concrete Mathematics194},
}

@book{citation195,
    author = "Ronald Graham and Donald Knuth and Oren Patashnik195",
    year = {1994195},
    title = {Concrete Mathematics195},
}

@book{citation196,
    author = "Ronald Graham and Donald Knuth and Oren Patashnik196",
    year = {1994196},
    title = {Concrete Mathematics196},
}

@book{citation197,
    author = "Ronald Graham and Donald Knuth and Oren Patashnik197",
    year = {1994197},
    title = {Concrete Mathematics197},
}

@book{citation198,
    author = "Ronald Graham and Donald Knuth and Oren Patashnik198",
    year = {1994198},
    title = {Concrete Mathematics198},
}

@book{citation199,
    author = "Ronald Graham and Donald Knuth and Oren Patashnik199",
    year = {1994199},
    title = {Concrete Mathematics199},
}

@book{citation200,
    author = "Ronald Graham and Donald Knuth and Oren Patashnik200",
    year = {1994200},
    title = {Concrete Mathematics200},
}

@book{citation201,
    author = "Ronald Graham and Donald Knuth and Oren Patashnik201",
    year = {1994201},
    title = {Concrete Mathematics201},
}

@book{citation202,
    author = "Ronald Graham and Donald Knuth and Oren Patashnik202",
    year = {1994202},
    title = {Concrete Mathematics202},
}

@book{citation203,
    author = "Ronald Graham and Donald Knuth and Oren Patashnik203",
    year = {1994203},
    title = {Concrete Mathematics203},
}

@book{citation204,
    author = "Ronald Graham and Donald Knuth and Oren Patashnik204",
    year = {1994204},
    title = {Concrete Mathematics204},
}

@book{citation205,
    author = "Ronald Graham and Donald Knuth and Oren Patashnik205",
    year = {1994205},
    title = {Concrete Mathematics205},
}

@book{citation206,
    author = "Ronald Graham and Donald Knuth and Oren Patashnik206",
    year = {1994206},
    title = {Concrete Mathematics206},
}

@book{citation207,
    author = "Ronald Graham and Donald Knuth and Oren Patashnik207",
    year = {1994207},
    title = {Concrete Mathematics207},
}

@book{citation208,
    author = "Ronald Graham and Donald Knuth and Oren Patashnik208",
    year = {1994208},
    title = {Concrete Mathematics208},
}

@book{citation209,
    author = "Ronald Graham and Donald Knuth and Oren Patashnik209",
    year = {1994209},
    title = {Concrete Mathematics209},
}

@book{citation210,
    author = "Ronald Graham and Donald Knuth and Oren Patashnik210",
    year = {1994210},
    title = {Concrete Mathematics210},
}

@book{citation211,
    author = "Ronald Graham and Donald Knuth and Oren Patashnik211",
    year = {1994211},
    title = {Concrete Mathematics211},
}

@book{citation212,
    author = "Ronald Graham and Donald Knuth and Oren Patashnik212",
    year = {1994212},
    title = {Concrete Mathematics212},
}

@book{citation213,
    author = "Ronald Graham and Donald Knuth and Oren Patashnik213",
    year = {1994213},
    title = {Concrete Mathematics213},
}

@book{citation214,
    author = "Ronald Graham and Donald Knuth and Oren Patashnik214",
    year = {1994214},
    title = {Concrete Mathematics214},
}

@book{citation215,
    author = "Ronald Graham and Donald Knuth and Oren Patashnik215",
    year = {1994215},
    title = {Concrete Mathematics215},
}

@book{citation216,
    author = "Ronald Graham and Donald Knuth and Oren Patashnik216",
    year = {1994216},
    title = {Concrete Mathematics216},
}

@book{citation217,
    author = "Ronald Graham and Donald Knuth and Oren Patashnik217",
    year = {1994217},
    title = {Concrete Mathematics217},
}

@book{citation218,
    author = "Ronald Graham and Donald Knuth and Oren Patashnik218",
    year = {1994218},
    title = {Concrete Mathematics218},
}

@book{citation219,
    author = "Ronald Graham and Donald Knuth and Oren Patashnik219",
    year = {1994219},
    title = {Concrete Mathematics219},
}

@book{citation220,
    author = "Ronald Graham and Donald Knuth and Oren Patashnik220",
    year = {1994220},
    title = {Concrete Mathematics220},
}

@book{citation221,
    author = "Ronald Graham and Donald Knuth and Oren Patashnik221",
    year = {1994221},
    title = {Concrete Mathematics221},
}

@book{citation222,
    author = "Ronald Graham and Donald Knuth and Oren Patashnik222",
    year = {1994222},
    title = {Concrete Mathematics222},
}

@book{citation223,
    author = "Ronald Graham and Donald Knuth and Oren Patashnik223",
    year = {1994223},
    title = {Concrete Mathematics223},
}

@book{citation224,
    author = "Ronald Graham and Donald Knuth and Oren Patashnik224",
    year = {1994224},
    title = {Concrete Mathematics224},
}

@book{citation225,
    author = "Ronald Graham and Donald Knuth and Oren Patashnik225",
    year = {1994225},
    title = {Concrete Mathematics225},
}

@book{citation226,
    author = "Ronald Graham and Donald Knuth and Oren Patashnik226",
    year = {1994226},
    title = {Concrete Mathematics226},
}

@book{citation227,
    author = "Ronald Graham and Donald Knuth and Oren Patashnik227",
    year = {1994227},
    title = {Concrete Mathematics227},
}

@book{citation228,
    author = "Ronald Graham and Donald Knuth and Oren Patashnik228",
    year = {1994228},
    title = {Concrete Mathematics228},
}

@book{citation229,
    author = "Ronald Graham and Donald Knuth and Oren Patashnik229",
    year = {1994229},
    title = {Concrete Mathematics229},
}

@book{citation230,
    author = "Ronald Graham and Donald Knuth and Oren Patashnik230",
    year = {1994230},
    title = {Concrete Mathematics230},
}

@book{citation231,
    author = "Ronald Graham and Donald Knuth and Oren Patashnik231",
    year = {1994231},
    title = {Concrete Mathematics231},
}

@book{citation232,
    author = "Ronald Graham and Donald Knuth and Oren Patashnik232",
    year = {1994232},
    title = {Concrete Mathematics232},
}

@book{citation233,
    author = "Ronald Graham and Donald Knuth and Oren Patashnik233",
    year = {1994233},
    title = {Concrete Mathematics233},
}

@book{citation234,
    author = "Ronald Graham and Donald Knuth and Oren Patashnik234",
    year = {1994234},
    title = {Concrete Mathematics234},
}

@book{citation235,
    author = "Ronald Graham and Donald Knuth and Oren Patashnik235",
    year = {1994235},
    title = {Concrete Mathematics235},
}

@book{citation236,
    author = "Ronald Graham and Donald Knuth and Oren Patashnik236",
    year = {1994236},
    title = {Concrete Mathematics236},
}

@book{citation237,
    author = "Ronald Graham and Donald Knuth and Oren Patashnik237",
    year = {1994237},
    title = {Concrete Mathematics237},
}

@book{citation238,
    author = "Ronald Graham and Donald Knuth and Oren Patashnik238",
    year = {1994238},
    title = {Concrete Mathematics238},
}

@book{citation239,
    author = "Ronald Graham and Donald Knuth and Oren Patashnik239",
    year = {1994239},
    title = {Concrete Mathematics239},
}

@book{citation240,
    author = "Ronald Graham and Donald Knuth and Oren Patashnik240",
    year = {1994240},
    title = {Concrete Mathematics240},
}

@book{citation241,
    author = "Ronald Graham and Donald Knuth and Oren Patashnik241",
    year = {1994241},
    title = {Concrete Mathematics241},
}

@book{citation242,
    author = "Ronald Graham and Donald Knuth and Oren Patashnik242",
    year = {1994242},
    title = {Concrete Mathematics242},
}

@book{citation243,
    author = "Ronald Graham and Donald Knuth and Oren Patashnik243",
    year = {1994243},
    title = {Concrete Mathematics243},
}

@book{citation244,
    author = "Ronald Graham and Donald Knuth and Oren Patashnik244",
    year = {1994244},
    title = {Concrete Mathematics244},
}

@book{citation245,
    author = "Ronald Graham and Donald Knuth and Oren Patashnik245",
    year = {1994245},
    title = {Concrete Mathematics245},
}

@book{citation246,
    author = "Ronald Graham and Donald Knuth and Oren Patashnik246",
    year = {1994246},
    title = {Concrete Mathematics246},
}

@book{citation247,
    author = "Ronald Graham and Donald Knuth and Oren Patashnik247",
    year = {1994247},
    title = {Concrete Mathematics247},
}

@book{citation248,
    author = "Ronald Graham and Donald Knuth and Oren Patashnik248",
    year = {1994248},
    title = {Concrete Mathematics248},
}

@book{citation249,
    author = "Ronald Graham and Donald Knuth and Oren Patashnik249",
    year = {1994249},
    title = {Concrete Mathematics249},
}

@book{citation250,
    author = "Ronald Graham and Donald Knuth and Oren Patashnik250",
    year = {1994250},
    title = {Concrete Mathematics250},
}

@book{citation251,
    author = "Ronald Graham and Donald Knuth and Oren Patashnik251",
    year = {1994251},
    title = {Concrete Mathematics251},
}

@book{citation252,
    author = "Ronald Graham and Donald Knuth and Oren Patashnik252",
    year = {1994252},
    title = {Concrete Mathematics252},
}

@book{citation253,
    author = "Ronald Graham and Donald Knuth and Oren Patashnik253",
    year = {1994253},
    title = {Concrete Mathematics253},
}

@book{citation254,
    author = "Ronald Graham and Donald Knuth and Oren Patashnik254",
    year = {1994254},
    title = {Concrete Mathematics254},
}

@book{citation255,
    author = "Ronald Graham and Donald Knuth and Oren Patashnik255",
    year = {1994255},
    title = {Concrete Mathematics255},
}

@book{citation256,
    author = "Ronald Graham and Donald Knuth and Oren Patashnik256",
    year = {1994256},
    title = {Concrete Mathematics256},
}

@book{citation257,
    author = "Ronald Graham and Donald Knuth and Oren Patashnik257",
    year = {1994257},
    title = {Concrete Mathematics257},
}

@book{citation258,
    author = "Ronald Graham and Donald Knuth and Oren Patashnik258",
    year = {1994258},
    title = {Concrete Mathematics258},
}

@book{citation259,
    author = "Ronald Graham and Donald Knuth and Oren Patashnik259",
    year = {1994259},
    title = {Concrete Mathematics259},
}

@book{citation260,
    author = "Ronald Graham and Donald Knuth and Oren Patashnik260",
    year = {1994260},
    title = {Concrete Mathematics260},
}

@book{citation261,
    author = "Ronald Graham and Donald Knuth and Oren Patashnik261",
    year = {1994261},
    title = {Concrete Mathematics261},
}

@book{citation262,
    author = "Ronald Graham and Donald Knuth and Oren Patashnik262",
    year = {1994262},
    title = {Concrete Mathematics262},
}

@book{citation263,
    author = "Ronald Graham and Donald Knuth and Oren Patashnik263",
    year = {1994263},
    title = {Concrete Mathematics263},
}

@book{citation264,
    author = "Ronald Graham and Donald Knuth and Oren Patashnik264",
    year = {1994264},
    title = {Concrete Mathematics264},
}

@book{citation265,
    author = "Ronald Graham and Donald Knuth and Oren Patashnik265",
    year = {1994265},
    title = {Concrete Mathematics265},
}

@book{citation266,
    author = "Ronald Graham and Donald Knuth and Oren Patashnik266",
    year = {1994266},
    title = {Concrete Mathematics266},
}

@book{citation267,
    author = "Ronald Graham and Donald Knuth and Oren Patashnik267",
    year = {1994267},
    title = {Concrete Mathematics267},
}

@book{citation268,
    author = "Ronald Graham and Donald Knuth and Oren Patashnik268",
    year = {1994268},
    title = {Concrete Mathematics268},
}

@book{citation269,
    author = "Ronald Graham and Donald Knuth and Oren Patashnik269",
    year = {1994269},
    title = {Concrete Mathematics269},
}

@book{citation270,
    author = "Ronald Graham and Donald Knuth and Oren Patashnik270",
    year = {1994270},
    title = {Concrete Mathematics270},
}

@book{citation271,
    author = "Ronald Graham and Donald Knuth and Oren Patashnik271",
    year = {1994271},
    title = {Concrete Mathematics271},
}

@book{citation272,
    author = "Ronald Graham and Donald Knuth and Oren Patashnik272",
    year = {1994272},
    title = {Concrete Mathematics272},
}

@book{citation273,
    author = "Ronald Graham and Donald Knuth and Oren Patashnik273",
    year = {1994273},
    title = {Concrete Mathematics273},
}

@book{citation274,
    author = "Ronald Graham and Donald Knuth and Oren Patashnik274",
    year = {1994274},
    title = {Concrete Mathematics274},
}

@book{citation275,
    author = "Ronald Graham and Donald Knuth and Oren Patashnik275",
    year = {1994275},
    title = {Concrete Mathematics275},
}

@book{citation276,
    author = "Ronald Graham and Donald Knuth and Oren Patashnik276",
    year = {1994276},
    title = {Concrete Mathematics276},
}

@book{citation277,
    author = "Ronald Graham and Donald Knuth and Oren Patashnik277",
    year = {1994277},
    title = {Concrete Mathematics277},
}

@book{citation278,
    author = "Ronald Graham and Donald Knuth and Oren Patashnik278",
    year = {1994278},
    title = {Concrete Mathematics278},
}

@book{citation279,
    author = "Ronald Graham and Donald Knuth and Oren Patashnik279",
    year = {1994279},
    title = {Concrete Mathematics279},
}

@book{citation280,
    author = "Ronald Graham and Donald Knuth and Oren Patashnik280",
    year = {1994280},
    title = {Concrete Mathematics280},
}

@book{citation281,
    author = "Ronald Graham and Donald Knuth and Oren Patashnik281",
    year = {1994281},
    title = {Concrete Mathematics281},
}

@book{citation282,
    author = "Ronald Graham and Donald Knuth and Oren Patashnik282",
    year = {1994282},
    title = {Concrete Mathematics282},
}

@book{citation283,
    author = "Ronald Graham and Donald Knuth and Oren Patashnik283",
    year = {1994283},
    title = {Concrete Mathematics283},
}

@book{citation284,
    author = "Ronald Graham and Donald Knuth and Oren Patashnik284",
    year = {1994284},
    title = {Concrete Mathematics284},
}

@book{citation285,
    author = "Ronald Graham and Donald Knuth and Oren Patashnik285",
    year = {1994285},
    title = {Concrete Mathematics285},
}

@book{citation286,
    author = "Ronald Graham and Donald Knuth and Oren Patashnik286",
    year = {1994286},
    title = {Concrete Mathematics286},
}

@book{citation287,
    author = "Ronald Graham and Donald Knuth and Oren Patashnik287",
    year = {1994287},
    title = {Concrete Mathematics287},
}

@book{citation288,
    author = "Ronald Graham and Donald Knuth and Oren Patashnik288",
    year = {1994288},
    title = {Concrete Mathematics288},
}

@book{citation289,
    author = "Ronald Graham and Donald Knuth and Oren Patashnik289",
    year = {1994289},
    title = {Concrete Mathematics289},
}

@book{citation290,
    author = "Ronald Graham and Donald Knuth and Oren Patashnik290",
    year = {1994290},
    title = {Concrete Mathematics290},
}

@book{citation291,
    author = "Ronald Graham and Donald Knuth and Oren Patashnik291",
    year = {1994291},
    title = {Concrete Mathematics291},
}

@book{citation292,
    author = "Ronald Graham and Donald Knuth and Oren Patashnik292",
    year = {1994292},
    title = {Concrete Mathematics292},
}

@book{citation293,
    author = "Ronald Graham and Donald Knuth and Oren Patashnik293",
    year = {1994293},
    title = {Concrete Mathematics293},
}

@book{citation294,
    author = "Ronald Graham and Donald Knuth and Oren Patashnik294",
    year = {1994294},
    title = {Concrete Mathematics294},
}

@book{citation295,
    author = "Ronald Graham and Donald Knuth and Oren Patashnik295",
    year = {1994295},
    title = {Concrete Mathematics295},
}

@book{citation296,
    author = "Ronald Graham and Donald Knuth and Oren Patashnik296",
    year = {1994296},
    title = {Concrete Mathematics296},
}

@book{citation297,
    author = "Ronald Graham and Donald Knuth and Oren Patashnik297",
    year = {1994297},
    title = {Concrete Mathematics297},
}

@book{citation298,
    author = "Ronald Graham and Donald Knuth and Oren Patashnik298",
    year = {1994298},
    title = {Concrete Mathematics298},
}

@book{citation299,
    author = "Ronald Graham and Donald Knuth and Oren Patashnik299",
    year = {1994299},
    title = {Concrete Mathematics299},
}

@book{citation300,
    author = "Ronald Graham and Donald Knuth and Oren Patashnik300",
    year = {1994300},
    title = {Concrete Mathematics300},
}

@book{citation301,
    author = "Ronald Graham and Donald Knuth and Oren Patashnik301",
    year = {1994301},
    title = {Concrete Mathematics301},
}

@book{citation302,
    author = "Ronald Graham and Donald Knuth and Oren Patashnik302",
    year = {1994302},
    title = {Concrete Mathematics302},
}

@book{citation303,
    author = "Ronald Graham and Donald Knuth and Oren Patashnik303",
    year = {1994303},
    title = {Concrete Mathematics303},
}

@book{citation304,
    author = "Ronald Graham and Donald Knuth and Oren Patashnik304",
    year = {1994304},
    title = {Concrete Mathematics304},
}

@book{citation305,
    author = "Ronald Graham and Donald Knuth and Oren Patashnik305",
    year = {1994305},
    title = {Concrete Mathematics305},
}

@book{citation306,
    author = "Ronald Graham and Donald Knuth and Oren Patashnik306",
    year = {1994306},
    title = {Concrete Mathematics306},
}

@book{citation307,
    author = "Ronald Graham and Donald Knuth and Oren Patashnik307",
    year = {1994307},
    title = {Concrete Mathematics307},
}

@book{citation308,
    author = "Ronald Graham and Donald Knuth and Oren Patashnik308",
    year = {1994308},
    title = {Concrete Mathematics308},
}

@book{citation309,
    author = "Ronald Graham and Donald Knuth and Oren Patashnik309",
    year = {1994309},
    title = {Concrete Mathematics309},
}

@book{citation310,
    author = "Ronald Graham and Donald Knuth and Oren Patashnik310",
    year = {1994310},
    title = {Concrete Mathematics310},
}

@book{citation311,
    author = "Ronald Graham and Donald Knuth and Oren Patashnik311",
    year = {1994311},
    title = {Concrete Mathematics311},
}

@book{citation312,
    author = "Ronald Graham and Donald Knuth and Oren Patashnik312",
    year = {1994312},
    title = {Concrete Mathematics312},
}

@book{citation313,
    author = "Ronald Graham and Donald Knuth and Oren Patashnik313",
    year = {1994313},
    title = {Concrete Mathematics313},
}

@book{citation314,
    author = "Ronald Graham and Donald Knuth and Oren Patashnik314",
    year = {1994314},
    title = {Concrete Mathematics314},
}

@book{citation315,
    author = "Ronald Graham and Donald Knuth and Oren Patashnik315",
    year = {1994315},
    title = {Concrete Mathematics315},
}

@book{citation316,
    author = "Ronald Graham and Donald Knuth and Oren Patashnik316",
    year = {1994316},
    title = {Concrete Mathematics316},
}

@book{citation317,
    author = "Ronald Graham and Donald Knuth and Oren Patashnik317",
    year = {1994317},
    title = {Concrete Mathematics317},
}

@book{citation318,
    author = "Ronald Graham and Donald Knuth and Oren Patashnik318",
    year = {1994318},
    title = {Concrete Mathematics318},
}

@book{citation319,
    author = "Ronald Graham and Donald Knuth and Oren Patashnik319",
    year = {1994319},
    title = {Concrete Mathematics319},
}

@book{citation320,
    author = "Ronald Graham and Donald Knuth and Oren Patashnik320",
    year = {1994320},
    title = {Concrete Mathematics320},
}

@book{citation321,
    author = "Ronald Graham and Donald Knuth and Oren Patashnik321",
    year = {1994321},
    title = {Concrete Mathematics321},
}

@book{citation322,
    author = "Ronald Graham and Donald Knuth and Oren Patashnik322",
    year = {1994322},
    title = {Concrete Mathematics322},
}

@book{citation323,
    author = "Ronald Graham and Donald Knuth and Oren Patashnik323",
    year = {1994323},
    title = {Concrete Mathematics323},
}

@book{citation324,
    author = "Ronald Graham and Donald Knuth and Oren Patashnik324",
    year = {1994324},
    title = {Concrete Mathematics324},
}

@book{citation325,
    author = "Ronald Graham and Donald Knuth and Oren Patashnik325",
    year = {1994325},
    title = {Concrete Mathematics325},
}

@book{citation326,
    author = "Ronald Graham and Donald Knuth and Oren Patashnik326",
    year = {1994326},
    title = {Concrete Mathematics326},
}

@book{citation327,
    author = "Ronald Graham and Donald Knuth and Oren Patashnik327",
    year = {1994327},
    title = {Concrete Mathematics327},
}

@book{citation328,
    author = "Ronald Graham and Donald Knuth and Oren Patashnik328",
    year = {1994328},
    title = {Concrete Mathematics328},
}

@book{citation329,
    author = "Ronald Graham and Donald Knuth and Oren Patashnik329",
    year = {1994329},
    title = {Concrete Mathematics329},
}

@book{citation330,
    author = "Ronald Graham and Donald Knuth and Oren Patashnik330",
    year = {1994330},
    title = {Concrete Mathematics330},
}

@book{citation331,
    author = "Ronald Graham and Donald Knuth and Oren Patashnik331",
    year = {1994331},
    title = {Concrete Mathematics331},
}

@book{citation332,
    author = "Ronald Graham and Donald Knuth and Oren Patashnik332",
    year = {1994332},
    title = {Concrete Mathematics332},
}

@book{citation333,
    author = "Ronald Graham and Donald Knuth and Oren Patashnik333",
    year = {1994333},
    title = {Concrete Mathematics333},
}

@book{citation334,
    author = "Ronald Graham and Donald Knuth and Oren Patashnik334",
    year = {1994334},
    title = {Concrete Mathematics334},
}

@book{citation335,
    author = "Ronald Graham and Donald Knuth and Oren Patashnik335",
    year = {1994335},
    title = {Concrete Mathematics335},
}

@book{citation336,
    author = "Ronald Graham and Donald Knuth and Oren Patashnik336",
    year = {1994336},
    title = {Concrete Mathematics336},
}

@book{citation337,
    author = "Ronald Graham and Donald Knuth and Oren Patashnik337",
    year = {1994337},
    title = {Concrete Mathematics337},
}

@book{citation338,
    author = "Ronald Graham and Donald Knuth and Oren Patashnik338",
    year = {1994338},
    title = {Concrete Mathematics338},
}

@book{citation339,
    author = "Ronald Graham and Donald Knuth and Oren Patashnik339",
    year = {1994339},
    title = {Concrete Mathematics339},
}

@book{citation340,
    author = "Ronald Graham and Donald Knuth and Oren Patashnik340",
    year = {1994340},
    title = {Concrete Mathematics340},
}

@book{citation341,
    author = "Ronald Graham and Donald Knuth and Oren Patashnik341",
    year = {1994341},
    title = {Concrete Mathematics341},
}

@book{citation342,
    author = "Ronald Graham and Donald Knuth and Oren Patashnik342",
    year = {1994342},
    title = {Concrete Mathematics342},
}

@book{citation343,
    author = "Ronald Graham and Donald Knuth and Oren Patashnik343",
    year = {1994343},
    title = {Concrete Mathematics343},
}

@book{citation344,
    author = "Ronald Graham and Donald Knuth and Oren Patashnik344",
    year = {1994344},
    title = {Concrete Mathematics344},
}

@book{citation345,
    author = "Ronald Graham and Donald Knuth and Oren Patashnik345",
    year = {1994345},
    title = {Concrete Mathematics345},
}

@book{citation346,
    author = "Ronald Graham and Donald Knuth and Oren Patashnik346",
    year = {1994346},
    title = {Concrete Mathematics346},
}

@book{citation347,
    author = "Ronald Graham and Donald Knuth and Oren Patashnik347",
    year = {1994347},
    title = {Concrete Mathematics347},
}

@book{citation348,
    author = "Ronald Graham and Donald Knuth and Oren Patashnik348",
    year = {1994348},
    title = {Concrete Mathematics348},
}

@book{citation349,
    author = "Ronald Graham and Donald Knuth and Oren Patashnik349",
    year = {1994349},
    title = {Concrete Mathematics349},
}

@book{citation350,
    author = "Ronald Graham and Donald Knuth and Oren Patashnik350",
    year = {1994350},
    title = {Concrete Mathematics350},
}

@book{citation351,
    author = "Ronald Graham and Donald Knuth and Oren Patashnik351",
    year = {1994351},
    title = {Concrete Mathematics351},
}

@book{citation352,
    author = "Ronald Graham and Donald Knuth and Oren Patashnik352",
    year = {1994352},
    title = {Concrete Mathematics352},
}

@book{citation353,
    author = "Ronald Graham and Donald Knuth and Oren Patashnik353",
    year = {1994353},
    title = {Concrete Mathematics353},
}

@book{citation354,
    author = "Ronald Graham and Donald Knuth and Oren Patashnik354",
    year = {1994354},
    title = {Concrete Mathematics354},
}

@book{citation355,
    author = "Ronald Graham and Donald Knuth and Oren Patashnik355",
    year = {1994355},
    title = {Concrete Mathematics355},
}

@book{citation356,
    author = "Ronald Graham and Donald Knuth and Oren Patashnik356",
    year = {1994356},
    title = {Concrete Mathematics356},
}

@book{citation357,
    author = "Ronald Graham and Donald Knuth and Oren Patashnik357",
    year = {1994357},
    title = {Concrete Mathematics357},
}

@book{citation358,
    author = "Ronald Graham and Donald Knuth and Oren Patashnik358",
    year = {1994358},
    title = {Concrete Mathematics358},
}

@book{citation359,
    author = "Ronald Graham and Donald Knuth and Oren Patashnik359",
    year = {1994359},
    title = {Concrete Mathematics359},
}

@book{citation360,
    author = "Ronald Graham and Donald Knuth and Oren Patashnik360",
    year = {1994360},
    title = {Concrete Mathematics360},
}

@book{citation361,
    author = "Ronald Graham and Donald Knuth and Oren Patashnik361",
    year = {1994361},
    title = {Concrete Mathematics361},
}

@book{citation362,
    author = "Ronald Graham and Donald Knuth and Oren Patashnik362",
    year = {1994362},
    title = {Concrete Mathematics362},
}

@book{citation363,
    author = "Ronald Graham and Donald Knuth and Oren Patashnik363",
    year = {1994363},
    title = {Concrete Mathematics363},
}

@book{citation364,
    author = "Ronald Graham and Donald Knuth and Oren Patashnik364",
    year = {1994364},
    title = {Concrete Mathematics364},
}

@book{citation365,
    author = "Ronald Graham and Donald Knuth and Oren Patashnik365",
    year = {1994365},
    title = {Concrete Mathematics365},
}

@book{citation366,
    author = "Ronald Graham and Donald Knuth and Oren Patashnik366",
    year = {1994366},
    title = {Concrete Mathematics366},
}

@book{citation367,
    author = "Ronald Graham and Donald Knuth and Oren Patashnik367",
    year = {1994367},
    title = {Concrete Mathematics367},
}

@book{citation368,
    author = "Ronald Graham and Donald Knuth and Oren Patashnik368",
    year = {1994368},
    title = {Concrete Mathematics368},
}

@book{citation369,
    author = "Ronald Graham and Donald Knuth and Oren Patashnik369",
    year = {1994369},
    title = {Concrete Mathematics369},
}

@book{citation370,
    author = "Ronald Graham and Donald Knuth and Oren Patashnik370",
    year = {1994370},
    title = {Concrete Mathematics370},
}

@book{citation371,
    author = "Ronald Graham and Donald Knuth and Oren Patashnik371",
    year = {1994371},
    title = {Concrete Mathematics371},
}

@book{citation372,
    author = "Ronald Graham and Donald Knuth and Oren Patashnik372",
    year = {1994372},
    title = {Concrete Mathematics372},
}

@book{citation373,
    author = "Ronald Graham and Donald Knuth and Oren Patashnik373",
    year = {1994373},
    title = {Concrete Mathematics373},
}

@book{citation374,
    author = "Ronald Graham and Donald Knuth and Oren Patashnik374",
    year = {1994374},
    title = {Concrete Mathematics374},
}

@book{citation375,
    author = "Ronald Graham and Donald Knuth and Oren Patashnik375",
    year = {1994375},
    title = {Concrete Mathematics375},
}

@book{citation376,
    author = "Ronald Graham and Donald Knuth and Oren Patashnik376",
    year = {1994376},
    title = {Concrete Mathematics376},
}

@book{citation377,
    author = "Ronald Graham and Donald Knuth and Oren Patashnik377",
    year = {1994377},
    title = {Concrete Mathematics377},
}

@book{citation378,
    author = "Ronald Graham and Donald Knuth and Oren Patashnik378",
    year = {1994378},
    title = {Concrete Mathematics378},
}

@book{citation379,
    author = "Ronald Graham and Donald Knuth and Oren Patashnik379",
    year = {1994379},
    title = {Concrete Mathematics379},
}

@book{citation380,
    author = "Ronald Graham and Donald Knuth and Oren Patashnik380",
    year = {1994380},
    title = {Concrete Mathematics380},
}

@book{citation381,
    author = "Ronald Graham and Donald Knuth and Oren Patashnik381",
    year = {1994381},
    title = {Concrete Mathematics381},
}

@book{citation382,
    author = "Ronald Graham and Donald Knuth and Oren Patashnik382",
    year = {1994382},
    title = {Concrete Mathematics382},
}

@book{citation383,
    author = "Ronald Graham and Donald Knuth and Oren Patashnik383",
    year = {1994383},
    title = {Concrete Mathematics383},
}